%% LaTeX2e file `paper.bib'
%% generated by the `filecontents' environment
%% from source `paper' on 2020/05/08.
%%
%-------------------------------------------------------------------------------
@incollection{positiongdpr,
  title={Position: Gdpr compliance by construction},
  author={Schwarzkopf, Malte and Kohler, Eddie and Kaashoek, M Frans and Morris, Robert},
  booktitle={Heterogeneous Data Management, Polystores, and Analytics for Healthcare},
  pages={39--53},
  year={2019},
  publisher={Springer}
}
